@BOOK{BinneyTremaine:2008,
	title = {{G}alactic {D}ynamics},
	publisher = {Princeton University Press},
	author = {Binney, J. and Tremaine, S.},
	year = {2008},
	edition = {2nd}
}

@ARTICLE{Bovy:2015,
   author = {{Bovy}, J.},
    title = "{galpy: A python Library for Galactic Dynamics}",
  journal = {\apjs},
archivePrefix = "arXiv",
   eprint = {1412.3451},
 keywords = {galaxies: general, galaxies: kinematics and dynamics, Galaxy: fundamental parameters },
     year = 2015,
    month = feb,
   volume = 216,
      eid = {29},
    pages = {29},
      doi = {10.1088/0067-0049/216/2/29},
   adsurl = {http://adsabs.harvard.edu/abs/2015ApJS..216...29B},
  adsnote = {Provided by the SAO/NASA Astrophysics Data System}
}

@ARTICLE{MachadoManos:2016,
	author = {{Machado}, R.~E.~G. and {Manos}, T.},
	title = "{Chaotic motion and the evolution of morphological components in a time-dependent model of a barred galaxy within a dark matter halo}",
	journal = {\mnras},
	archivePrefix = "arXiv",
	eprint = {1603.02294},
	keywords = {methods: numerical, galaxies: evolution, galaxies: haloes, galaxies: kinematics and dynamics, galaxies: structure},
	year = 2016,
	month = jun,
	volume = 458,
	pages = {3578-3591},
	doi = {10.1093/mnras/stw572},
	adsurl = {http://adsabs.harvard.edu/abs/2016MNRAS.458.3578M},
	adsnote = {Provided by the SAO/NASA Astrophysics Data System}
}
