@BOOK{BinneyTremaine:2008,
	title = {{G}alactic {D}ynamics},
	publisher = {Princeton University Press},
	author = {Binney, J. and Tremaine, S.},
	year = {2008},
	edition = {2nd}
}

@ARTICLE{Ferrers:1877,
	title = {{G}alactic {D}ynamics},
	publisher = {Quart. J. Pure Appl. Math., 14, 1},
	author = {Ferrers, N.~M.},
	year = {1877},
	edition = {1st}
}

@ARTICLE{Bovy:2015,
   author = {{Bovy}, J.},
    title = "{galpy: A python Library for Galactic Dynamics}",
  journal = {\apjs},
archivePrefix = "arXiv",
   eprint = {1412.3451},
 keywords = {galaxies: general, galaxies: kinematics and dynamics, Galaxy: fundamental parameters },
     year = 2015,
    month = feb,
   volume = 216,
      eid = {29},
    pages = {29},
      doi = {10.1088/0067-0049/216/2/29},
   adsurl = {http://adsabs.harvard.edu/abs/2015ApJS..216...29B},
  adsnote = {Provided by the SAO/NASA Astrophysics Data System}
}

@ARTICLE{MachadoManos:2016,
	author = {{Machado}, R.~E.~G. and {Manos}, T.},
	title = "{Chaotic motion and the evolution of morphological components in a time-dependent model of a barred galaxy within a dark matter halo}",
	journal = {\mnras},
	archivePrefix = "arXiv",
	eprint = {1603.02294},
	keywords = {methods: numerical, galaxies: evolution, galaxies: haloes, galaxies: kinematics and dynamics, galaxies: structure},
	year = 2016,
	month = jun,
	volume = 458,
	pages = {3578-3591},
	doi = {10.1093/mnras/stw572},
	adsurl = {http://adsabs.harvard.edu/abs/2016MNRAS.458.3578M},
	adsnote = {Provided by the SAO/NASA Astrophysics Data System}
}

@ARTICLE{ManosMachado:2014,
   author = {{Manos}, T. and {Machado}, R.~E.~G.},
    title = "{Chaos and dynamical trends in barred galaxies: bridging the gap between N-body simulations and time-dependent analytical models}",
  journal = {\mnras},
archivePrefix = "arXiv",
   eprint = {1311.3450},
 keywords = {methods: numerical, galaxies: evolution, galaxies: haloes, galaxies: kinematics and dynamics, galaxies: structure},
     year = 2014,
    month = mar,
   volume = 438,
    pages = {2201-2217},
      doi = {10.1093/mnras/stt2355},
   adsurl = {http://adsabs.harvard.edu/abs/2014MNRAS.438.2201M},
  adsnote = {Provided by the SAO/NASA Astrophysics Data System}
}

@ARTICLE{Spitzgal:2015,
  author = {Ronald J. Buta and Kartik Sheth and E. Athanassoula and A. Bosma and Johan H. Knapen and Eija Laurikainen and Heikki
Salo and Debra Elmegreen and Luis C. Ho and Dennis Zaritsky and Helene Courtois and Joannah L. Hinz and Juan-Carlos
MuĂ±oz-Mateos and Taehyun Kim and Michael W. Regan and Dimitri A. Gadotti and Armando Gil de Paz and Jarkko Laine and KarĂ­n
MenĂ©ndez-Delmestre and SĂ©bastien ComerĂłn and Santiago Erroz Ferrer and Mark Seibert and Trisha Mizusawa and Benne
Holwerda and Barry F. Madore},
  title = {A Classical Morphological Analysis of Galaxies in the Spitzer Survey of Stellar Structure in Galaxies (S4G)},
  journal = {The Astrophysical Journal Supplement Series},
  volume = {217},
  number = {2},
  pages = {32},
  url = {http://stacks.iop.org/0067-0049/217/i=2/a=32},
  year = {2015}
}

@ARTICLE{NFW:1996,
   author = {{Navarro}, J.~F. and {Frenk}, C.~S. and {White}, S.~D.~M.},
    title = "{The Structure of Cold Dark Matter Halos}",
  journal = {\apj},
   eprint = {astro-ph/9508025},
 keywords = {COSMOLOGY: THEORY, COSMOLOGY: DARK MATTER, GALAXIES: HALOS, METHODS: NUMERICAL},
     year = 1996,
    month = may,
   volume = 462,
    pages = {563},
      doi = {10.1086/177173},
   adsurl = {http://adsabs.harvard.edu/abs/1996ApJ...462..563N},
  adsnote = {Provided by the SAO/NASA Astrophysics Data System}
}

@ARTICLE{MiyamotoNagai:1975,
   author = {{Miyamoto}, M. and {Nagai}, R.},
    title = "{Three-dimensional models for the distribution of mass in galaxies}",
  journal = {\pasj},
 keywords = {Astronomical Models, Density Distribution, Galactic Structure, Mass Distribution, Potential Theory, Three Dimensional Models, Functions (Mathematics), Globular Clusters, Gravitational Effects, Mathematical Models, Milky Way Galaxy},
     year = 1975,
   volume = 27,
    pages = {533-543},
   adsurl = {http://adsabs.harvard.edu/abs/1975PASJ...27..533M},
  adsnote = {Provided by the SAO/NASA Astrophysics Data System}
}

@ARTICLE{APW_SuperFreq:2016,
   author = {{Price-Whelan}, A.~M. and {Johnston}, K.~V. and {Valluri}, M. and 
	{Pearson}, S. and {K{\"u}pper}, A.~H.~W. and {Hogg}, D.~W.},
    title = "{Chaotic dispersal of tidal debris}",
  journal = {\mnras},
archivePrefix = "arXiv",
   eprint = {1507.08662},
 keywords = {chaos, Galaxy: halo, galaxies: haloes, galaxies: kinematics and dynamics, galaxies: star clusters: general, dark matter},
     year = 2016,
    month = jan,
   volume = 455,
    pages = {1079-1098},
      doi = {10.1093/mnras/stv2383},
   adsurl = {http://adsabs.harvard.edu/abs/2016MNRAS.455.1079P},
  adsnote = {Provided by the SAO/NASA Astrophysics Data System}
}

@ARTICLE{Skokos_GALI:2007,
   author = {{Skokos}, C. and {Bountis}, T.~C. and {Antonopoulos}, C.},
    title = "{Geometrical properties of local dynamics in Hamiltonian systems: The Generalized Alignment Index (GALI) method}",
  journal = {Physica D Nonlinear Phenomena},
archivePrefix = "arXiv",
   eprint = {0704.3155},
 primaryClass = "nlin.CD",
     year = 2007,
    month = jul,
   volume = 231,
    pages = {30-54},
      doi = {10.1016/j.physd.2007.04.004},
   adsurl = {http://adsabs.harvard.edu/abs/2007PhyD..231...30S},
  adsnote = {Provided by the SAO/NASA Astrophysics Data System}
}

@ARTICLE{SkokosManos_GALI_SALI:2014,
   author = {{Skokos}, C. and {Manos}, T.},
    title = "{The Smaller (SALI) and the Generalized (GALI) Alignment Indices: Efficient Methods of Chaos Detection}",
  journal = {ArXiv e-prints},
archivePrefix = "arXiv",
   eprint = {1412.7401},
 primaryClass = "nlin.CD",
 keywords = {Nonlinear Sciences - Chaotic Dynamics, Astrophysics - Astrophysics of Galaxies},
     year = 2014,
    month = dec,
   adsurl = {http://adsabs.harvard.edu/abs/2014arXiv1412.7401S},
  adsnote = {Provided by the SAO/NASA Astrophysics Data System}
}


